@article{AggarwalV88,
author = {Alok Aggarwal and Jeffrey Scott Vitter},
title = {The Input/Output Complexity of Sorting and Related Problems},
journal = {Communications of the ACM},
year = {1988},
OPTkey = {},
volume = {31},
number = {9},
pages = {1116-1127},
OPTmonth = {September},
OPTnote = {},
OPTannote = {}
}

@online{GrafanaDataSources,
	titel = {Grafana Data Source Plugins},
	url  = {https://grafana.com/grafana/plugins?type=datasource},
	urldate = {2020-12-07}
}
@online{GrafanaHomepage,
titel = {Grafana Homepage},
url  = {https://grafana.com/},
urldate = {2020-12-07}
}
@online{PrometheusExpositionFormatBeispiel,
titel = {Prometheus Exposition Format Beispiel},
url  = {https://prometheus.io/docs/instrumenting/exposition_formats/#text-format-example},
urldate = {2020-12-08}
}

